<?xml version="1.0" encoding="UTF-8"?><collection xmlns="http://www.loc.gov/MARC21/slim"><record><leader>00611nam--2200193-i-4500</leader><controlfield tag="001">000019740</controlfield><controlfield tag="002">20161230</controlfield><controlfield tag="005">20161230201033</controlfield><controlfield tag="008">060222s1000------------r-----000-0-rum-d</controlfield><datafield ind1=" " ind2=" " tag="040"><subfield code="a">IFIN-HH</subfield></datafield><datafield ind1=" " ind2=" " tag="041"><subfield code="a">rum</subfield></datafield><datafield ind1=" " ind2=" " tag="080"><subfield code="a">531.1(043):621.623.9(033)</subfield></datafield><datafield ind1="1" ind2=" " tag="100"><subfield code="a">Florea, Cornelia</subfield></datafield><datafield ind1="1" ind2="0" tag="245"><subfield code="a">Contributii la sinteza mecanismelor tridimensionale monoconture cu cuple multiaxe</subfield><subfield code="b">Teza</subfield><subfield code="c">Cornelia florea</subfield></datafield><datafield ind1=" " ind2=" " tag="260"><subfield code="a">Cluj-napoca</subfield><subfield code="b">Institutul Politehnic</subfield><subfield code="c">1977</subfield></datafield><datafield ind1=" " ind2=" " tag="300"><subfield code="a">190 P</subfield></datafield><datafield ind1=" " ind2=" " tag="502"><subfield code="a">Conducator Stiintific: Prof. Dr. Doc. Ing. Christian Pelecudi</subfield></datafield><datafield ind1=" " ind2=" " tag="852"><subfield code="a">45904</subfield><subfield code="c">531</subfield></datafield><datafield ind1=" " ind2=" " tag="CAT"><subfield code="a">Sys</subfield><subfield code="c">20110113</subfield><subfield code="h">121023</subfield></datafield></record></collection>